@book{islp,
  title={An introduction to statistical learning (python version)},
  author={James, Gareth and Witten, Daniela and Hastie, Trevor and Tibshirani, Robert and others},
  volume={112},
  year={2013},
  publisher={Springer}
}

@book{williams2006gaussian,
  title={Gaussian processes for machine learning},
  author={Williams, Christopher KI and Rasmussen, Carl Edward},
  volume={2},
  number={3},
  year={2006},
  publisher={MIT press Cambridge, MA}
}

@article{aungle2024author,
  title={Author Correction: Physical healing as a function of perceived time},
  author={Aungle, Peter and Langer, Ellen},
  journal={Scientific Reports},
  volume={14},
  year={2024},
  publisher={Nature Publishing Group}
}

@article{pearl2009causal,
  title={Causal inference in statistics: An overview},
  author={Pearl, Judea},
  year={2009}
}


@article{peters2023ambient,
  title={Ambient air pollution and Alzheimerâ€™s disease: The role of the composition of fine particles},
  author={Peters, Annette},
  journal={Proceedings of the National Academy of Sciences},
  volume={120},
  number={3},
  pages={e2220028120},
  year={2023},
  publisher={National Acad Sciences}
}

@article{brown2024statistical,
  title={How statistical challenges and misreadings of the literature combine to produce unreplicable science: An example from psychology},
  author={Brown, NJL and others},
  year={2024}
}

@article{zhong2018distinguishing,
  title={Distinguishing emission-associated ambient air PM2. 5 concentrations and meteorological factor-induced fluctuations},
  author={Zhong, Qirui and Ma, Jianmin and Shen, Guofeng and Shen, Huizhong and Zhu, Xi and Yun, Xiao and Meng, Wenjun and Cheng, Hefa and Liu, Junfeng and Li, Bengang and others},
  journal={Environmental science \& technology},
  volume={52},
  number={18},
  pages={10416--10425},
  year={2018},
  publisher={ACS Publications}
}

@article{aigrain2023gaussian,
  title={Gaussian process regression for astronomical time series},
  author={Aigrain, Suzanne and Foreman-Mackey, Daniel},
  journal={Annual Review of Astronomy and Astrophysics},
  volume={61},
  number={1},
  pages={329--371},
  year={2023},
  publisher={Annual Reviews}
}



@article{mcshane2019abandon,
  title={Abandon statistical significance},
  author={McShane, Blakeley B and Gal, David and Gelman, Andrew and Robert, Christian and Tackett, Jennifer L},
  journal={The American Statistician},
  volume={73},
  number={sup1},
  pages={235--245},
  year={2019},
  publisher={Taylor \& Francis}
}

@book{tabak,
  title={Probability and statistics: The science of uncertainty},
  author={Evans, Michael J and Rosenthal, Jeffrey S},
  year={2004},
  publisher={Macmillan}
}



@book{demidenko2019advanced,
  title={Advanced statistics with applications in R},
  author={Demidenko, Eugene},
  volume={392},
  year={2019},
  publisher={John Wiley \& Sons}
}

@book{gelman2020regression,
  title={Regression and other stories},
  author={Gelman, Andrew and Hill, Jennifer and Vehtari, Aki},
  year={2020},
  publisher={Cambridge University Press}
}

@article{pierson2011long,
  title={Long-term antipsychotic treatment and brain volumes},
  author={Pierson, Ronald and Magnotta, Vincent},
  journal={Arch Gen Psychiatry},
  volume={68},
  number={2},
  pages={128--137},
  year={2011}
}


@article{baker2011nonlinear,
  title={A nonlinear regression model estimating single source concentrations of primary and secondarily formed PM2. 5},
  author={Baker, Kirk R and Foley, Kristen M},
  journal={Atmospheric Environment},
  volume={45},
  number={22},
  pages={3758--3767},
  year={2011},
  publisher={Elsevier}
}

@article{reddy2021global,
  title={Global epistasis emerges from a generic model of a complex trait},
  author={Reddy, Gautam and Desai, Michael M},
  journal={Elife},
  volume={10},
  pages={e64740},
  year={2021},
  publisher={eLife Sciences Publications, Ltd}
}

@article{mehta2019high,
  title={A high-bias, low-variance introduction to machine learning for physicists},
  author={Mehta, Pankaj and Bukov, Marin and Wang, Ching-Hao and Day, Alexandre GR and Richardson, Clint and Fisher, Charles K and Schwab, David J},
  journal={Physics reports},
  volume={810},
  pages={1--124},
  year={2019},
  publisher={Elsevier}
}